@article{amirshirzad2019,
  title						= {Human adaptation to human--robot shared control},
  author					= {Amirshirzad, Negin and Kumru, Asiye and Oztop, Erhan},
  journal					= {IEEE Transactions on Human-Machine Systems},
  volume					= {49},
  number					= {2},
  pages						= {126--136},
  year						= {2019}
}

@article{rakita2019,
  title						= {Shared control--based bimanual robot manipulation},
  author					= {Rakita, Daniel and Mutlu, Bilge and Gleicher, Michael and Hiatt, Laura M},
  journal					= {Science Robotics},
  volume					= {4},
  number					= {30},
  year						= {2019}
}

@article{xi2019,
  title						= {A robotic shared control teleoperation method based on learning from demonstrations},
  author					= {Xi, Bao and Wang, Shuo and Ye, Xuemei and Cai, Yinghao and Lu, Tao and Wang, Rui},
  journal					= {International Journal of Advanced Robotic Systems},
  volume					= {16},
  number					= {4},
  pages						= {1--13},
  year						= {2019}
}

@article{bao2020,
  title						= {Using Person-Specific Muscle Fatigue Characteristics to Optimally Allocate Control in a Hybrid Exoskeleton--Preliminary Results},
  author					= {Bao, Xuefeng and Molazadeh, Vahidreza and Dodson, Albert and Dicianno, Brad E and Sharma, Nitin},
  journal					= {IEEE Transactions on Medical Robotics and Bionics},
  volume					= {2},
  number					= {2},
  pages						= {226--235},
  year						= {2020}
}

@article{santos2019,
  title						= {Optimal impedance via model predictive control for robot-aided rehabilitation},
  author					= {dos Santos, Wilian M and Siqueira, Adriano AG},
  journal					= {Control Engineering Practice},
  volume					= {93},
  pages						= {1--8},
  year						= {2019}
}

@article{crea2018,
  title						= {Feasibility and safety of shared {EEG/EOG} and vision-guided autonomous whole-arm exoskeleton control to perform activities of daily living},
  author					= {Crea, Simona and Nann, Marius and Trigili, Emilio and Cordella, Francesca and Baldoni, Andrea and Badesa, Francisco Javier and Catal{\'a}n, Jos{\'e} Maria and Zollo, Loredana and Vitiello, Nicola and Aracil, Nicolas Garcia and others},
  journal					= {Scientific reports},
  volume					= {8},
  number					= {1},
  pages						= {1--9},
  year						= {2018}
}

@article{huang2019,
  title						= {Shared control of highly automated vehicles using steer-by-wire systems},
  author					= {Huang, Chao and Naghdy, Fazel and Du, Haiping and Huang, Hailong},
  journal					= {IEEE/CAA Journal of Automatica Sinica},
  volume					= {6},
  number					= {2},
  pages						= {410--423},
  year						= {2019}
}

@article{lu2019,
  title						= {Model predictive-based shared control for brain-controlled driving},
  author					= {Lu, Yun and Bi, Luzheng and Li, Hongqi},
  journal					= {IEEE Transactions on Intelligent Transportation Systems},
  volume					= {21},
  number					= {2},
  pages						= {630--640},
  year						= {2019}
}

@inproceedings{ashcraft2019,
  title						= {Moderating Operator Influence in Human-Swarm Systems},
  author					= {Ashcraft, C Chace and Goodrich, Michael A and Crandall, Jacob W},
  booktitle					= {Proc. 2019 IEEE International Conference on Systems, Man and Cybernetics (SMC)},
  pages						= {4275--4282},
  year						= {2019}
}

@article{nam2019,
  title						= {Models of trust in human control of swarms with varied levels of autonomy},
  author					= {Nam, Changjoo and Walker, Phillip and Li, Huao and Lewis, Michael and Sycara, Katia},
  journal					= {IEEE Transactions on Human-Machine Systems},
  volume					= {50},
  number					= {3},
  pages						= {194--204},
  year						= {2019}
}

@article{enayati2018,
  title						= {Skill-based human--robot cooperation in tele-operated path tracking},
  author					= {Enayati, Nima and Ferrigno, Giancarlo and De Momi, Elena},
  journal					= {Autonomous Robots},
  volume					= {42},
  number					= {5},
  pages						= {997--1009},
  year						= {2018}
}

@inproceedings{parsa2020,
  title						= {Haptic-guided shared control grasping: collision-free manipulation},
  author					= {Parsa, Soran and Kamale, Disha and Mghames, Sariah and Nazari, Kiyanoush and Pardi, Tommaso and R. Srinivasan, Aravinda and Neumann, Gerhard and Hanhaide, Marc and Ghalamzan E., Amir},
  booktitle					= {Proc. 2020 IEEE International Conference on Automation Science and Engineering (CASE)},
  year						= {2020}
}

@article{rahal2020,
  title						= {Caring about the human operator: haptic shared control for enhanced user comfort in robotic telemanipulation},
  author					= {Rahal, Rahaf and Matarese, Giulia and Gabiccini, Marco and Artoni, Alessio and Prattichizzo, Domenico and Giordano, Paolo Robuffo and Pacchierotti, Claudio},
  journal					= {IEEE Transactions on Haptics},
  volume					= {13},
  number					= {1},
  pages						= {197--203},
  year						= {2020}
}

@inproceedings{selvaggio2019,
  title						= {Haptic-guided shared control for needle grasping optimization in minimally invasive robotic surgery},
  author					= {Selvaggio, Mario and Ghalamzan Esfahani, Amir and Moccia, Rocco and Ficuciello, Fanny and Siciliano, Bruno and others},
  booktitle					= {Proc. 2019 IEEE/RSJ International Conference Intelligent Robotic System (IROS)},
  pages						= {3617--3626},
  year						= {2019}
}


@article{abi2020,
  title						= {A Haptic Shared-Control Architecture for Guided Multi-Target Robotic Grasping}, 
  author					= {F. {Abi-Farraj} and C. {Pacchierotti} and O. {Arenz} and G. {Neumann} and P. R. {Giordano}},
  journal					= {IEEE Transactions on Haptics}, 
  year						= {2020},
  volume					= {13},
  number					= {2},
  pages						= {270--285}
}

@article{masone2018,
  title						= {Shared planning and control for mobile robots with integral haptic feedback},
  author					= {Masone, Carlo and Mohammadi, Mostafa and Robuffo Giordano, Paolo and Franchi, Antonio},
  journal					= {The International Journal of Robotics Research},
  volume					= {37},
  number					= {11},
  pages						= {1395--1420},
  year						= {2018}
}

@incollection{franchi2017,
  title						= {Human-collaborative schemes in the motion control of single and multiple mobile robots},
  author					= {Franchi, Antonio},
  booktitle					= {Trends in Control and Decision-Making for Human--Robot Collaboration Systems},
  pages						= {301--324},
  year						= {2017},
  publisher					= {Springer}
}

@inproceedings{barros2020b,
  author      				= {Barros Carlos, B\'arbara and Sartor, Tommaso and Zanelli, Andrea and Frison, Gianluca and Burgard, Wolfram and Diehl, Moritz and Oriolo, Giuseppe},
  title       				= {An Efficient Real-Time {NMPC} for Quadrotor Position Control under Communication Time-Delay},
  booktitle         		= {Proc. 16th International Conference on Control, Automation, Robotics and Vision (ICARCV)},
  pages 					= {982--989},
  year        				= {2020}
}


@inproceedings{lee2010,
  title						= {Geometric tracking control of a quadrotor {UAV} on {SE(3)}},
  author					= {Lee, Taeyoung and Leok, Melvin and McClamroch, N Harris},
  booktitle					= {Proc. 49th IEEE Conference on Decision and Control (CDC)},
  pages						= {5420--5425},
  year						= {2010}
}
  
@article{bock1984,
  title						= {A multiple shooting algorithm for direct solution of optimal control problems},
  author					= {Bock, Hans Georg and Plitt, Karl Josef},
  journal					= {9th IFAC World Congress},
  volume					= {17},
  number					= {2},
  pages						= {1603--1608},
  year						= {1984}
}

@article{diehl2005,
  Title                    	= {A Real-Time Iteration Scheme for Nonlinear Optimization in Optimal Feedback Control},
  Author                   	= {M. Diehl and H. G. Bock and J. P. Schl\"oder},
  Journal                  	= {{SIAM} Journal on Control and Optimization},
  Year                     	= {2005},
  Number                   	= {5},
  Pages                    	= {1714--1736},
  Volume                   	= {43}
}

@article{frison2018,
  title						= {{BLASFEO}: Basic linear algebra subroutines for embedded optimization},
  author					= {Frison, Gianluca and Kouzoupis, Dimitris and Sartor, Tommaso and Zanelli, Andrea and Diehl, Moritz},
  journal					= {{ACM} Transactions on Mathematical Software (TOMS)},
  volume					= {44},
  number					= {4},
  pages						= {1--30},
  year						= {2018}
}

@article{frison2020,
    title					= {{HPIPM}: a high-performance quadratic programming framework for model predictive control},
    author					= {Gianluca Frison and Moritz Diehl},
    year					= {2020},
    url						= {https://arxiv.org/abs/2003.02547}
}

@article{verschueren2019,
	title					= {acados: a modular open-source framework for fast embedded optimal control},

	author					= {Robin Verschueren and Gianluca Frison and Dimitris Kouzoupis and Niels van Duijkeren and Andrea Zanelli and Branimir Novoselnik and Jonathan Frey and Thivaharan Albin and Rien Quirynen and Moritz Diehl},
	year					= {2019},
	url						= {https://arxiv.org/abs/1910.13753}
}

@book{rawlings2017,
  Title                    = {Model Predictive Control: Theory, Computation, and Design},
  Author                   = {J. B. Rawlings and D. Q. Mayne and M. Diehl},
  Publisher                = {Nob Hill},
  Year                     = {2017},
  Edition                  = {2nd Edition}
}

@article{camacho2010,
  title					   = {{MPC} for tracking zone regions},
  author				   = {Ferramosca, Antonio and Limon, Daniel and Gonz{\'a}lez, Alejandro Hern{\'a}n and Odloak, Darci and Camacho, EF},
  journal				   = {Journal of Process Control},
  volume				   = {20},
  number				   = {4},
  pages					   = {506--516},
  year					   = {2010}
}

@inproceedings{xu2018,
  title					  = {Safe teleoperation of dynamic {UAVs} through control barrier functions},
  author				  = {Xu, Bin and Sreenath, Koushil},
  booktitle				  = {Proc. 2018 IEEE International Conference on Robotics and Automation (ICRA)},
  pages					  = {7848--7855},
  year					  = {2018}
}

@article{chipalkatty2013,
  title					  = {Less is more: Mixed-initiative model-predictive control with human inputs},
  author				  = {Chipalkatty, Rahul and Droge, Greg and Egerstedt, Magnus B},
  journal				  = {IEEE Transactions on Robotics},
  volume				  = {29},
  number				  = {3},
  pages					  = {695--703},
  year					  = {2013}
}

@inproceedings{barros2020,
  title					 = {Least Conservative Linearized Constraint Formulation for Real-Time Motion Generation},
  author				 = {Barros Carlos, B\'arbara and Sartor, Tommaso and Zanelli, Andrea and Diehl, Moritz and Oriolo, Giuseppe},
  booktitle				 = {Proc. 21st IFAC World Congress},
  pages					 = {9519--9525},
  year					 = {2020}
}

@incollection{diehl2007,
  title					= {A stabilizing real-time implementation of nonlinear model predictive control},
  author				= {Diehl, Moritz and Findeisen, Rolf and Allg{\"o}wer, Frank},
  booktitle				= {Real-time PDE-constrained optimization},
  pages					= {25--52},
  year					= {2007}
}









